@article{SchroederAdam2017Escb,
issn = {1935-3812},
pages = {39--69},
volume = {11},
publisher = {Springer US},
number = {1},
year = {2017},
title = {Efficient spatial coverage by a robot swarm based on an ant foraging model and the Lévy distribution},
copyright = {Springer Science+Business Media New York 2017},
language = {eng},
address = {New York},
author = {Schroeder, Adam and Ramakrishnan, Subramanian and Kumar, Manish and Trease, Brian},
keywords = {Artificial intelligence ; Computer networks ; Computer science ; Food},
}

@article{PangBao2021Eorw,
issn = {0924-669X},
journal = {Applied intelligence (Dordrecht, Netherlands)},
pages = {5189--5199},
volume = {51},
publisher = {Springer US},
number = {7},
year = {2021},
title = {Effect of random walk methods on searching efficiency in swarm robots for area exploration},
copyright = {Springer Science+Business Media, LLC, part of Springer Nature 2021},
language = {eng},
address = {New York},
author = {Pang, Bao and Song, Yong and Zhang, Chengjin and Yang, Runtao},
keywords = {Artificial intelligence ; Computer science ; Implements ; Machinery ; Mechanical engineering ; Robots},
}

@book{RussellStuartJ2022Ai:a,
series = {AI},
publisher = {Pearson Education},
booktitle = {Artificial intelligence a modern approach},
isbn = {0134610997},
year = {2022},
title = {Artificial intelligence : a modern approach / Stuart J. Russell and Peter Norvig ; contributing writers: Ming-Wei Chang ... [et al.]},
edition = {4. ed},
language = {eng},
address = {Hoboken},
author = {Russell, Stuart J},
keywords = {Intelligenza artificiale},
lccn = {0134610997},
}


@book{WooldridgeMichaelJ.1966-2002Aitm,
publisher = {Wiley \& Sons},
booktitle = {An introduction to multiagent systems},
isbn = {047149691X},
year = {2002},
title = {An introduction to multiagent systems / Michael Wooldridge},
language = {eng},
address = {Chichester},
author = {Wooldridge, Michael J. 1966- and Wooldridge, Michael},
keywords = {Intelligenza artificiale},
lccn = {047149691X},
}

@article{JavaidShumaila2023CaCi,
issn = {1524-9050},
journal = {IEEE transactions on intelligent transportation systems},
pages = {1--21},
volume = {24},
publisher = {IEEE},
number = {6},
year = {2023},
title = {Communication and Control in Collaborative UAVs: Recent Advances and Future Trends},
copyright = {Copyright The Institute of Electrical and Electronics Engineers, Inc. (IEEE) 2023},
language = {eng},
address = {New York},
author = {Javaid, Shumaila and Saeed, Nasir and Qadir, Zakria and Fahim, Hamza and He, Bin and Song, Houbing and Bilal, Muhammad},
keywords = {Algorithms ; Autonomy ; Communication ; Communications Military ; Control ; Cooperation ; Decision making ; Drone aircraft ; Internet of things ; Reliability ; Task analysis ; Telecommunication systems},
}

@article{GuanYue2024CUTD,
issn = {2327-4662},
pages = {8848--8859},
volume = {11},
publisher = {The Institute of Electrical and Electronics Engineers, Inc. (IEEE)},
number = {5},
year = {2024},
title = {Cooperative UAV Trajectory Design for Disaster Area Emergency Communications: A Multiagent PPO Method},
copyright = {Copyright The Institute of Electrical and Electronics Engineers, Inc. (IEEE) 2024},
address = {Piscataway},
author = {Guan, Yue and Zou, Sai and Peng, Haixia and Ni, Wei and Sun, Yanglong and Gao, Hongfeng},
keywords = {Algorithms ; Disasters ; Drone aircraft ; Multiagent systems ; Radio equipment ; Radio frequency},
}

@article{AlzenadMohamed2016FVBF,
year = {2016},
title = {FSO-based Vertical Backhaul/Fronthaul Framework for 5G+ Wireless Networks},
copyright = {http://arxiv.org/licenses/nonexclusive-distrib/1.0},
language = {eng},
author = {Alzenad, Mohamed and Shakir, Muhammad Zeeshan and Yanikomeroglu, Halim and Alouini, Mohamed-Slim},
}

@misc{tesiInnocenti,
title = {Controllo della copertura per sistemi di comunicazione assistiti da UAV},
author = {Innocenti Andrea},
year = {2024}
}

@misc{valoriForti,
title = {Coverage control for uav-assisted communication systems},
author = {Forti Nicola},
year = {2024}
}

@article{8938182,
  author={Ansari, Nirwan and Fan, Qiang and Sun, Xiang and Zhang, Liang},
  journal={IEEE Wireless Communications}, 
  title={SoarNet}, 
  year={2019},
  volume={26},
  number={6},
  pages={37-43},
  keywords={Satellite broadcasting;Optical beams;Drones;Optical transmitters;Laser beams;Wireless communication;Solar panels;Internet of Things},
  doi={10.1109/MWC.001.1900126}
}

@article{8675384,
  author={Fotouhi, Azade and Qiang, Haoran and Ding, Ming and Hassan, Mahbub and Giordano, Lorenzo Galati and Garcia-Rodriguez, Adrian and Yuan, Jinhong},
  journal={IEEE Communications Surveys \& Tutorials}, 
  title={Survey on UAV Cellular Communications: Practical Aspects, Standardization Advancements, Regulation, and Security Challenges}, 
  year={2019},
  volume={21},
  number={4},
  pages={3417-3442},
  keywords={Drones;Cellular networks;Tutorials;Payloads;Base stations;Australia;3GPP;Unmanned aerial vehicles;drones;cellular networks;standardization;5G and beyond;flying user equipment;flying base stations;regulation;security},
  doi={10.1109/COMST.2019.2906228}
}

@article{HosseiniNozhan2020UCaC,
year = {2020},
title = {UAV Command and Control, Navigation and Surveillance: A Review of Potential 5G and Satellite Systems},
copyright = {http://arxiv.org/licenses/nonexclusive-distrib/1.0},
author = {Hosseini, Nozhan and Jamal, Hosseinali and Matolak, David W and Haque, Jamal and Magesacher, Thomas},
}

@inbook{farming,
author = {Yinka-Banjo, Chika and Ajayi, Olasupo},
year = {2019},
month = {12},
pages = {},
title = {Sky Farmers: Applications of Unmanned Aerial Vehicle (UAV) in Agriculture},
isbn = {978-1-83880-728-3},
doi = {10.5772/intechopen.89488}
}

@Article{forest,
AUTHOR = {Dainelli, Riccardo and Toscano, Piero and Di Gennaro, Salvatore Filippo and Matese, Alessandro},
TITLE = {Recent Advances in Unmanned Aerial Vehicle Forest Remote Sensing—A Systematic Review. Part I: A General Framework},
JOURNAL = {Forests},
VOLUME = {12},
YEAR = {2021},
NUMBER = {3},
ARTICLE-NUMBER = {327},
URL = {https://www.mdpi.com/1999-4907/12/3/327},
ISSN = {1999-4907},
DOI = {10.3390/f12030327}
}

@article{JainRachna2021TaSS,
journal = {Development and Future of Internet of Drones (IoD): Insights, Trends and Road Ahead},
pages = {109--140},
publisher = {Springer International Publishing},
isbn = {3030633381},
year = {2021},
title = {Towards a Smarter Surveillance Solution: The Convergence of Smart City and Energy Efficient Unmanned Aerial Vehicle Technologies},
copyright = {The Author(s), under exclusive license to Springer Nature Switzerland AG 2021},
language = {eng},
address = {Cham},
author = {Jain, Rachna and Nagrath, Preeti and Thakur, Narina and Saini, Dharmender and Sharma, Nitika and Hemanth, D. Jude and Hassanien, Aboul Ella and Krishnamurthi, Rajalakshmi and Nayyar, Anand},
keywords = {Drone aircraft ; Smart cities},
}

@article{planetaryExpl,
issn = {1070-9932},
journal = {IEEE robotics \& automation magazine},
pages = {159--168},
volume = {27},
publisher = {IEEE},
number = {2},
year = {2020},
title = {Planetary Exploration With Robot Teams: Implementing Higher Autonomy With Swarm Intelligence},
copyright = {Copyright The Institute of Electrical and Electronics Engineers, Inc. (IEEE) 2020},
language = {eng},
address = {New York},
author = {St-Onge, David and Kaufmann, Marcel and Panerati, Jacopo and Ramtoula, Benjamin and Cao, Yanjun and Coffey, Emily B.J. and Beltrame, Giovanni},
keywords = {Autonomy ; Decision making ; Drone aircraft ; Global Positioning System ; Mars ; Mobile robots ; Moon ; Pupillometry ; Safety ; Space flight ; Swarm intelligence ; Task analysis ; Workload},
}